<record><leader>00000cas a22000007a 4500</leader><controlfield tag="001">23347633</controlfield><controlfield tag="008">910328d19311933ohusr ne      0    0eng d</controlfield><datafield ind1=" " ind2=" " tag="010"><subfield code="a">sn 90068615 </subfield></datafield><datafield ind1=" " ind2=" " tag="040"><subfield code="a">ONP</subfield><subfield code="b">eng</subfield><subfield code="c">ONP</subfield><subfield code="d">OCLCQ</subfield></datafield><datafield ind1=" " ind2=" " tag="042"><subfield code="a">msc</subfield></datafield><datafield ind1="0" ind2="0" tag="245"><subfield code="a">Oles shopping guide.</subfield></datafield><datafield ind1=" " ind2=" " tag="260"><subfield code="a">[Youngstown, Ohio] :</subfield><subfield code="b">Geo. L. Oles,</subfield><subfield code="c">1931-1933.</subfield></datafield><datafield ind1=" " ind2=" " tag="300"><subfield code="a">v.</subfield></datafield><datafield ind1=" " ind2=" " tag="310"><subfield code="a">Semimonthly</subfield></datafield><datafield ind1="0" ind2=" " tag="362"><subfield code="a">Vol. 1, no. 2 (May 25, 1931)-v. 3, no. 3 (July 11, 1933).</subfield></datafield><datafield ind1=" " ind2=" " tag="752"><subfield code="a">United States</subfield><subfield code="b">Ohio</subfield><subfield code="c">Mahoning</subfield><subfield code="d">Youngstown.</subfield></datafield><datafield ind1="0" ind2="0" tag="780"><subfield code="t">Oles jubilee news</subfield><subfield code="w">(DLC)sn 90068617</subfield></datafield><datafield ind1="0" ind2="0" tag="785"><subfield code="t">Buyers guide (Youngstown, Ohio)</subfield><subfield code="w">(DLC)sn 90068616</subfield></datafield></record>